<collection xmlns="http://www.loc.gov/MARC21/slim">
<record>
  <leader>01276nam0a2200265 i 450 </leader>
  <controlfield tag="001">IT\ICCU\CNCE\018068</controlfield>
  <controlfield tag="005">20061115000000.0</controlfield>
  <datafield tag="012" ind1=" " ind2=" ">
    <subfield code="a">t.b- uem. emc- s.nt (C) 1523 (R)</subfield>
    <subfield code="2">fei</subfield>
  </datafield>
  <datafield tag="100" ind1=" " ind2=" ">
    <subfield code="a">19970101d1523        0itac0103    ba</subfield>
  </datafield>
  <datafield tag="101" ind1=" " ind2=" ">
    <subfield code="a">LAT</subfield>
  </datafield>
  <datafield tag="102" ind1=" " ind2=" ">
    <subfield code="a">IT</subfield>
  </datafield>
  <datafield tag="200" ind1="1" ind2=" ">
    <subfield code="a">Satis metuendi diluuij verissima liberatio. Elisianum fragmentum praesagitionis Bononiensis aduersus quorundam putatiuum diluuium anni MDXXIII ac MDXXIIII cum Elisianis annexis</subfield>
  </datafield>
  <datafield tag="210" ind1=" " ind2=" ">
    <subfield code="e">Neapoli</subfield>
    <subfield code="g">\Caterina Mayr!</subfield>
    <subfield code="h">XXV Martii 1523. Et in originali Bononiensi VIII Septembris MDXXII</subfield>
  </datafield>
  <datafield tag="215" ind1=" " ind2=" ">
    <subfield code="a">\8! c.</subfield>
    <subfield code="c">ill.</subfield>
    <subfield code="d">4ʻ</subfield>
  </datafield>
  <datafield tag="620" ind1=" " ind2=" ">
    <subfield code="a">IT</subfield>
    <subfield code="d">Napoli</subfield>
  </datafield>
  <datafield tag="700" ind1=" " ind2="1">
    <subfield code="a">Elisio,</subfield>
    <subfield code="b">Giovanni</subfield>
    <subfield code="3">IT\ICCU\CNCA\001015</subfield>
  </datafield>
  <datafield tag="712" ind1="0" ind2="0">
    <subfield code="a">Mayr, Caterina</subfield>
    <subfield code="3">IT\ICCU\CNCT\000011</subfield>
    <subfield code="4">650</subfield>
  </datafield>
  <datafield tag="790" ind1=" " ind2="1">
    <subfield code="a">Elysius,</subfield>
    <subfield code="b">Ioannes</subfield>
    <subfield code="3">IT\ICCU\CNCA\017398</subfield>
    <subfield code="z">Elisio, Giovanni</subfield>
  </datafield>
  <datafield tag="790" ind1=" " ind2="1">
    <subfield code="a">Elisius,</subfield>
    <subfield code="b">Ioannes</subfield>
    <subfield code="3">IT\ICCU\CNCA\022493</subfield>
    <subfield code="z">Elisio, Giovanni</subfield>
  </datafield>
  <datafield tag="791" ind1="0" ind2="0">
    <subfield code="a">Silvestro, Catherina de</subfield>
    <subfield code="3">IT\ICCU\CNCT\003193</subfield>
    <subfield code="z">Mayr, Caterina</subfield>
  </datafield>
  <datafield tag="791" ind1="0" ind2="0">
    <subfield code="a">De_Silvestro, Caterina</subfield>
    <subfield code="3">IT\ICCU\CNCT\003981</subfield>
    <subfield code="z">Mayr, Caterina</subfield>
  </datafield>
  <datafield tag="801" ind1=" " ind2="3">
    <subfield code="a">IT</subfield>
    <subfield code="b">ICCU</subfield>
    <subfield code="c">20201114</subfield>
  </datafield>
  <datafield tag="899" ind1=" " ind2=" ">
    <subfield code="a">Biblioteca universitaria. Napoli</subfield>
    <subfield code="1">NA0070</subfield>
    <subfield code="2">NAP BU</subfield>
  </datafield>
  <datafield tag="911" ind1=" " ind2=" ">
    <subfield code="a">in fine</subfield>
    <subfield code="9">IT\ICCU\CNCM\001872</subfield>
  </datafield>
  <datafield tag="921" ind1=" " ind2=" ">
    <subfield code="a">IT\ICCU\CNCM\001872</subfield>
    <subfield code="b">Monogramma di Cristo (iniziali Y.H.S.) nell&apos;ostia radiante.</subfield>
    <subfield code="c">Z862</subfield>
    <subfield code="f">MONOGRAMM</subfield>
    <subfield code="f">YHS</subfield>
    <subfield code="g">1523</subfield>
  </datafield>
</record>
</collection>
